@misc{eficent,
  title = {Eficent - {About} us},
  howpublished = {\url{http://www.eficent.com/about-us/}}
}

@misc{rfid,
  title = {{MFRC522} {Datasheet}},
  howpublished = {\url{https://www.nxp.com/docs/en/data-sheet/MFRC522.pdf}}
}

@misc{rpi,
  title = {{Raspberry} {Pi} {Zero} {W} {Official} {Site}},
  howpublished = {\url{https://www.raspberrypi.org/products/raspberry-pi-zero-w/}}
}

@misc{oled,
  title = {{SH1106} 132x64 {Dot} {Matrix} {OLED/PLED} {Datasheet}},
  howpublished = {\url{https://www.elecrow.com/download/SH1106%20datasheet.pdf}}
}

@misc{mac,
  title = {{Setup} {Pi} {Zero} {W} {Headless} {WiFi}},
  howpublished = {\url{https://desertbot.io/blog/setup-pi-zero-w-headless-wifi}}
}

@misc{windows,
  title = {{How} {To} {Setup} {Raspberry} {Pi} {Zero} {W} {Headless} {WiFi}},
  howpublished = {\url{https://core-electronics.com.au/tutorials/raspberry-pi-zerow-headless-wifi-setup.html}}
}

@misc{rasp-off,
  title = {{Downloads} - {Raspberry} {Pi}},
  howpublished = {\url{https://www.raspberrypi.org/downloads/raspbian/}}
}

@misc{etcher,
  title = {{Etcher} - {Official} {Site}},
  howpublished = {\url{https://etcher.io/}}
}